
@book{SalenconMecaniquemilieuxcontinus2001,
  title = {M{\'e}canique Des Milieux Continus: Tome 2: Thermo{\'e}lasticit{\'e}},
  author = {Salen{\c c}on, Jean},
  year = {2001},
  file = {/Users/mathilde/Zotero/storage/IUCQ8TNY/EXT_1419_3.pdf}
}

@article{SidoroffMecaniquemilieuxcontinus1980,
  address = {Engineering school. Ecole Centrale de lyon},
  title = {M{\'e}canique Des Milieux Continus.},
  author = {Sidoroff, Fran{\c c}ois},
  year = {1980},
  pages = {pp.166},
  file = {/Users/mathilde/Zotero/storage/F74YFSXG/document.pdf}
}

@book{ForestMecaniquemilieuxcontinus2015,
  title = {M{\'e}canique Des Milieux Continus.},
  publisher = {{Ecole des Mines de Paris}},
  author = {Forest, Samuel and Amestoy, Michel and Damamme, Gilles and Kruch, Serge and Maurel, Vincent and Maziere, Matthieu},
  year = {2015},
  file = {/Users/mathilde/Zotero/storage/P4CXJ6NM/MMC.pdf}
}


